% Responsable   :
% Bibbliograf\'ia : C\'alculo Integral
% Versi\'on       : 1
\begin{thebibliography}{}

@BOOK{Hasser97,
  AUTHOR =       "Hasser and La Salle and Sullivan",
  TITLE =        "An\'alisis Matem\'atico",
  PUBLISHER =    "Editorial Trillas, M\'exico",
  YEAR =         "1997",
  ISBN =	     " ",
  volume = "1"
}

@BOOK{Apostol70,
  AUTHOR =       "Tom Apostol",
  TITLE =        "Calculus",
  PUBLISHER =    "Editorial Revert\'e, M\'exico",
  YEAR =         "1970",
  ISBN =	     " ",
  volume = "1"
}

@BOOK{Purcel87,
  AUTHOR =       "Edwin Purcel and Dale Varberg",
  TITLE =        "C\'alculo con Geometr\'ia Anal\'itica",
  PUBLISHER =    "Prentice Hall, Hispanoam\'erica S.A.",
  YEAR =         "1987",
  ISBN =	     " ",
  volume = "1"
}

@BOOK{Edwards96,
  AUTHOR    = "C. H. Edwards and D. E. Penney",
  TITLE     = "C\'alculo infinitesimal y Geometr\'ia Anal\'itica ",
  PUBLISHER = "Prentice Hall, Hispanoam\'erica S.A.",
  YEAR = 	  "1996",
  ISBN = 	  " "
 }

@BOOK{Swokowsky89,
  AUTHOR =       "Earl Swokowsky",
  TITLE =        "C\아lculo con Geometr\알a Anal\알tica",
  PUBLISHER =    "Grupo editorial Iberoamericana",
  YEAR =         "1989",
  ISBN =         " "
  }

@BOOK{Spivak96,
  AUTHOR =       "Michael Spivak",
  TITLE =        "Calculus",
  PUBLISHER =    "Editorial Revert\'e, M\'exico",
  YEAR =         "1996",
  ISBN =         " "
  }

@BOOK{Taylor65,
  AUTHOR =       "Taylor and Wade",
  TITLE =        "C\'alculo Diferencial e Integral",
  PUBLISHER =    "Limusa - Willey",
  YEAR =         "1965",
  ISBN =         " "
  }

@BOOK{Granville74,
  AUTHOR =       "Granville and Smith and Longley",
  TITLE =        "C\'alculo Diferencial e Integral",
  PUBLISHER =    "Editorial  Hispanoamericana",
  YEAR =         "1974",
  ISBN =	     " "
}

@BOOK{Courant71,
  AUTHOR =       "R. Courant and F. Jonh",
  TITLE =        "Introducci\앒n al C\아lculo y al An\알lisis  Matem\아tico",
  PUBLISHER =    "Editorial Limusa  Willey",
  YEAR =         "1971",
  ISBN =	     " "
}

@BOOK{Lang76,
  AUTHOR =       "Serge Lang",
  TITLE =        "C\'alculo",
  PUBLISHER =    "Fondo Educativo Interamericano",
  YEAR =         "1976",
  ISBN =         " ",
  volume = "1"
  }

 @BOOK{Thomas62,
  AUTHOR =       "George B. Thomas",
  TITLE =        "Introducci\앒n al C\아lculo y al An\알lisis  Matem\아tico",
  PUBLISHER =    "Addison Wesley,",
  YEAR =         "1962",
  ISBN =	     " "
}

\end{thebibliography}