% Responsable   :
% Bibbliograf\'ia : C\'alculo Vectorial I
% Versi\'on       : 1
\begin{thebibliography}{}

@BOOK{Hasser97,
  AUTHOR =       "Hasserand La Salle and Sullivan ",
  TITLE =        "An\'alisis Matem\'atico",
  PUBLISHER =    "Editorial Trillas, M\'exico",
  YEAR =         "1997",
  ISBN =	     " ",
  volume = "1"
}

@BOOK{Burgos94,
  AUTHOR =       "J. de Burgos",
  TITLE =        "\'Algebra Lineal",
  PUBLISHER =    "Ed. MacGraw-Hill",
  YEAR =         "1994",
  ISBN =         " "
  }

@BOOK{Venero94,
  AUTHOR =       "Armando Venero",
  TITLE =        "Matem\'aticas B\'asicas I",
  PUBLISHER =    "Facultad de Ciencias - UNI, Lima",
  YEAR =         "1994",
  ISBN =         " "
  }

@BOOK{Granero85,
  AUTHOR =       "Francisco Granero Rodr\'iguez",
  TITLE =        "\'Algebra y Geometr\'ia Anal\'itica",
  PUBLISHER =    "Editorial Mc Graw Hill. Espa√±a",
  YEAR =         "1985",
  ISBN =         " "
  }

@BOOK{Edwards96,
  AUTHOR    = "C. H. Edwards and D. E. Penney",
  TITLE     = "C\'alculo infinitesimal y Geometr\'ia Anal\'itica ",
  PUBLISHER = "Prentice Hall, Hispanoam\'erica S.A.",
  YEAR = 	  "1996",
  ISBN = 	  " "
 }

\end{thebibliography}