%Calculo Diferencial e Integral Avanzado
\begin{thebibliography}{}

@BOOK{Hasser97,
  AUTHOR =       "Hasser and La Salle and Sullivan ",
  TITLE =        "An\'alisis Matem\'atico",
  PUBLISHER =    "Editorial Trillas, M\'exico",
  YEAR =         "1997",
  ISBN =	     " ",
  volume = "2"
}

@BOOK{Apostol70,
  AUTHOR =       "Tom Apostol",
  TITLE =        "Calculus",
  PUBLISHER =    "Editorial Revert\'e, M\'exico",
  YEAR =         "1970",
  ISBN =	     " ",
  volume = "1"
}

@BOOK{Moya92,
  AUTHOR =       "Murray H. Protter",
  TITLE =        "An\´alisis Matem\´atico",
  PUBLISHER =    "Editorial San Marcos, Lima, Per\'u",
  YEAR =         "1992"
}

@BOOK{Venero94,
  AUTHOR =       "Armando Venero",
  TITLE =        "Matem\'aticas III",
  PUBLISHER =    "Facultad de Ciencias - UNI, Lima",
  YEAR =         "1994",
  ISBN =         " "
  }

\end{thebibliography}