% Estructuras Discretas
\begin{thebibliography}{}

@Book{Johnsonbaugh99,
author    = {Richard Johnsonbaugh},
ALTeditor = {},
title = {Matem\'aticas Discretas},
publisher = {Prentice Hall, M\'exico},
year = {1999},
OPTkey = {},
OPTvolume = {},
OPTnumber = {},
OPTseries = {},
OPTaddress = {},
OPTedition = {},
OPTmonth = {},
OPTnote = {},
OPTannote = {}
}

@BOOK{Grimaldi97,
  AUTHOR =       "R. Grimaldi",
  TITLE =        "Matem\'aticas Discretas y Combinatoria",
  PUBLISHER =    "Addison Wesley Iberoamericana",
  YEAR =         "1997",
  ISBN =	 " "
 }

@BOOK{Grassmann97,
  AUTHOR =       "W. Grassmann and J. Tremblay",
  TITLE =        "Matem\'atica Discreta y L\'ogica",
  PUBLISHER =    "Prentice Hall",
  YEAR =         "1997",
  ISBN =	 " "
}
 @BOOK{Ruiz04,
  AUTHOR =       "Blas C. Ruiz and Francisco Gutiérrez and Pablo Guerrero and Jos\'e Gallardo",
  TITLE =        "Razonando con Haskell",
  PUBLISHER =    "Thomson",
  YEAR =         "2004",
  ISBN =	 " "
}
@BOOK{Gersting87,
  AUTHOR =       "J. Gersting",
  TITLE =        "Fundamentos Matem\'aticos para a Ciência da Computa\c c\~ao",
  PUBLISHER =    "ABDR",
  YEAR =         "1987",
  ISBN =	 " "
  }

@BOOK{Kolman97,
  AUTHOR =       "Kolman and Busby and Ross",
  TITLE =        "Estructuras de Matem\'aticas Discretas para la Computaci\'on",
  PUBLISHER =    "Prentice Hall",
  YEAR =         "1997",
  ISBN =	 " "
  }
  
@BOOK{Bird00,
  AUTHOR =       "R. Bird",
  TITLE =        "Programaci\'on Funcional en Haskell",
  PUBLISHER =    "Prentice Hall",
  YEAR =         "2000",
  ISBN =	 " "
}

 @BOOK{Tucker03,
  AUTHOR =       "A. Tucker and R. Noonan",
  TITLE =        "Lenguajes de Programaci\'on",
  PUBLISHER =    "Mc Graw Hill",
  YEAR =         "2003",
  ISBN =	 " "
}

@BOOK{Thompson99,
  AUTHOR =       "Simon Thompson",
  TITLE =        "The Craft of Functional Programming",
  PUBLISHER =    "Pearson",
  YEAR =         "1999",
  ISBN =	 " "
  }
  
@BOOK{Brookshear93,
  AUTHOR =       "J. Glenn Brookshear",
  TITLE =        "Teor\'ia de la Computaci\'on",
  PUBLISHER =    "Addison Wesley Iberoamericana",
  YEAR =         "1993",
  ISBN =	 " "
  }
  
@BOOK{Kelley95,
  AUTHOR =       "Dean Kelley",
  TITLE =        "Teor\'ia de Aut\'omatas y Lenguajes Formales",
  PUBLISHER =    "Prentice Hall",
  YEAR =         "1995",
  ISBN =	 " "
}

 @BOOK{Hopcroft93,
  AUTHOR =       "John E. Hopcroft and Jeffrey D. Ullman",
  TITLE =        "Introducci\'on a la Teor\'ia de Aut\'omatas, Lenguajes y Computaci\'on",
  PUBLISHER =    "CECSA",
  YEAR =         "1993",
  ISBN =	 " "
}

 @BOOK{Isasi97,
  AUTHOR =       "P. Isasi and P. Mart\'inez and D. Borrajo",
  TITLE =        "Lenguajes, Gram\'aticas y Aut\'omatas",
  PUBLISHER =    "Addison Wesley",
  YEAR =         "1997",
  ISBN =	 " "
}

@BOOK{Martin03,
  AUTHOR =       "John Martin ",
  TITLE =        "Matem\'aticas Discretas  ",
  PUBLISHER =    "Mc Graw Hill ",
  YEAR =         "2003",
  ISBN =	 " "
}

 @BOOK{Scheinerman01,
  AUTHOR =       "Edward R. Scheinerman",
  TITLE =        "Introducci\'on a la Teor\'ia de Aut\'omatas, Lenguajes y Computaci\'on",
  PUBLISHER =    "Thomson Learning ",
  YEAR =         "2001",
  ISBN =	 " "
}
 
@BOOK{Paniagua03,
  AUTHOR =       "Enrique Paniagua Ar\'is and Juan Luis S\'anchez Gonz\'alez and Fernando Mart\'in Rubio",
  TITLE =        "L\'ogica Computacional ",
  PUBLISHER =    "Thomson",
  YEAR =         "2003",
  ISBN =	 " "
}

@Book{Brassard97,
AUTHOR = 	 "Gilles Brassard and Paul Bratley",
TITLE = 	 "Fundamentos de Algoritmia",
PUBLISHER = 	 "Prentice Hall",
YEAR = 		 "1997",
ISBN =		 " "
}

@Book{Micha98,
AUTHOR=		"Elias Micha",
TITLE=		"Matem\'aticas Discretas",
PUBLISHER = 	"Limusa",
YEAR = 		"1998"
}

@Book{Rosen2004,
AUTHOR=		"Kenneth H. Rosen",
TITLE=		"Matem\'atica Discreta y sus Aplicaciones",
PUBLISHER = 	"McGraw Hill",
YEAR = 		"2004"
}

@Book{Iranzo05,
AUTHOR=		"Pascual Juli\'an Iranzo",
TITLE=		"L\'ogica simb\'olica para inform\'aticos",
PUBLISHER = 	"Rama",
YEAR = 		"2005"
}

@Book{Lloyd93,
AUTHOR=		"J. W. Lloyd",
TITLE=		"Foundations of Logic Programming",
PUBLISHER = 	"Springer.",
YEAR = 		"1993"
}

@Book{Bratko91,
AUTHOR=		"I. Bratko",
TITLE=		"Prolog. Programming for artificial intelligence",
PUBLISHER = 	"Addison Wesley",
YEAR = 		"1991"
}

@Book{Fernandez03,
AUTHOR=		"G. Fern\'andez and F. S\'uez",
TITLE=		"Fundamentos de Inform\'atica: L\'ogica, Aut\'omatas y Lenguajes",
PUBLISHER = 	"Anaya Multimedia",
YEAR = 		"2003"
}

@Book{Klir95,
AUTHOR=		"J. G. Klir and T. A.Folger",
TITLE=		"Fuzzy sets, uncertainty and information",
PUBLISHER = 	"Prentice-Hall",
YEAR = 		"1995"
}

\end{thebibliography}