%Introd. Estadistica y Probabilidades
\begin{thebibliography}{}

 @BOOK{Garcia98,
  AUTHOR =       "C. Garc\알a Or\안",
  TITLE =        "Estad\'istica y Probabilidad",
  PUBLISHER =    "Edit. GOMES, Lima. Per\'u.",
  YEAR =         "1998"
}

 @BOOK{Garcia97,
  AUTHOR =       "C. Garc\알a Or\안",
  TITLE =        "Distribuciones y estad\'istica inferencial",
  PUBLISHER =    "CCONCYTEC, PERU",
  YEAR =         "1997"
}

@BOOK{Cordova97,
  AUTHOR =       "M. C\앒rdova Zamora",
  TITLE =        "Estad\'istica descriptiva e Inferencial",
  PUBLISHER =    "Editorial Moshera S.R.L. Lima Per\'u",
  YEAR =         "1997",
  ISBN =             " ",
  edition = "3"
}

@BOOK{Moya92,
  AUTHOR =       "R. Moya C. and  G. Saravia A.",
  TITLE =        "Probabilidad e inferencia estad\'istica",
  PUBLISHER =    "Editorial San Marcos, Lima, Per\'u",
  YEAR =         "1992",
  edition = "2"
}

@BOOK{Mitacc99,
  AUTHOR =       "M\아ximo Mitacc Meza",
  TITLE =        "T\'opicos de Estad\'istica Descriptiva y Probabilidad",
  PUBLISHER =    "Editorial San Marcos. Lima",
  YEAR =         "1999",
  ISBN =         " "
  }

@BOOK{Larson90,
  AUTHOR =       "Harold J. Larson",
  TITLE =        "Introducci\'on a la Teor\'ia de Probabilidades e Inferencia Estad\'istica",
  PUBLISHER =    "Editorial Limusa, M\'exico",
  YEAR =         "1990",
  ISBN =         " "
  }

\end{thebibliography}