 
@Book{Aopland,
  author = "Aaron Aopland",
  title =  "Como escuchar la m√∫sica",
  publisher = "Fondo de cultura econ√≥mica, d√©cima edici√≥n",
  year =   "2010"
}

@Book{Hamel,
  author = "Hamel Fred; H√ºrlimann",
  title =  "Encicopedia de la M√∫sica",
  publisher = "Ediciones Grijalbo",
  year =   "1984"
}
 
@Book{Aretz,
  author = "Aretz Isabel",
  title =  "Sintesis de la etnomusica en America Latina",
  publisher = "Monte Avila"
}

@Book{Carpio,
  author = "Carpio Mu√±oz Juan",
  title =  "Arequipa, M√∫sica y pueblo",
  publisher = "Editorial Carig",
  year =   "1984"
}
 
@Book{Bellenger,
  author = "Bellenger Xavier",
  title =  "El espacio musical andino",
  publisher = "Instituto Franc√©s de Estudios Andinos",
  year =   "2007"
}
 
@Book{Lovon,
  author = "Jorge {Lov√≥n Capar√≥}",
  title =  "Orfeo",
  publisher = "Arequipa",
  year =   "1998"
}

@Book{Donald,
  author = "Donald J. Grout; Claude V. Palisca",
  title =  "Historia de la m√∫sica occidental",
  publisher = "Alianza editorial",
  year =   "2006"
}

@article{enrico,
  title={La est{È}tica musical desde la Antig{\"u}edad hasta el siglo XX},
  author={Enrico, Fubini},
  year={2004}
}

@book{fubini,
  title={El siglo XX: entre m{˙}sica y filosof{\'\i}a},
  author={Fubini, Enrico},
  year={2004}  
}

@article{tranchefort,
  title={Gu{\'\i}a de la m{˙}sica de c{·}mara},
  author={Tranchefort, Fran{\c{c}}ois},
  publisher={Alianza Editorial},
  year={2010}
}



@Book{Salvat,
  author = "{Salvat editores}",
  title =  "Los grandes compositores",
  publisher = "Salvat",
  year =   "1989"
}
@Book{Vives,
  author = "Vicens Vives",
  title =  "Historia del arte",
  publisher = "Espa√±a",
  year =   "1996"
}

@Misc{Penaloza2009,
OPTkey = {},
author = {Josu√© Pe√±aloza},
title = {Siglo {XXI}: hombre, arte, m√∫sica y tecnolog√≠a},
howpublished = {http://musicayfilosofia.blogspot.com/},
OPTmonth = {},
year = {2009},
note = {√öltima visita Marzo de 2009},
OPTannote = {Tijuana -- M√©xico},
url = {},
OPTdoi = {},
OPTissn = {},
OPTlocalfile = {},
OPTabstract = {}
}

.  .

@InBook{Suarez2005Camino,
author = {Rub√©n Dario Suarez},
ALTeditor = {},
title = {Cultura y Transformaci√≥n Social},
chapter = {Camino al para√≠so: La experiencia de La Chiquitan√≠a},
publisher = {Viva Trust},
year = {2005},
OPTkey = {},
OPTvolume = {},
OPTnumber = {},
OPTseries = {},
OPTtype = {},
OPTaddress = {},
edition = {Primera edici√≥n},
OPTmonth = {},
pages = {10-15},
OPTnote = {},
OPTannote = {},
url = {www.avina.net},
OPTdoi = {},
OPTissn = {},
OPTlocalfile = {},
OPTabstract = {}
}


      

@InBook{Schwanitz2002,
author = {Dietrich Schwanitz},
ALTeditor = {},
title = {La Cultura},
chapter = {Cap. IV Historia de la M√∫sica},
publisher = {Editorial Taurus},
year = {2002},
OPTkey = {},
OPTvolume = {},
OPTnumber = {},
OPTseries = {},
OPTtype = {},
OPTaddress = {},
edition = {Tercera Edici√≥n},
OPTmonth = {},
pages = {303--326},
note = {Impreso en Argentina},
OPTannote = {},
OPTurl = {},
OPTdoi = {},
OPTissn = {},
OPTlocalfile = {},
OPTabstract = {}
}



