

@Book{Artigas1992,
  Title                    = {Ciencia, razón y fe},
  Author                   = {Artigas, Mariano},
  Publisher                = {Madrid: Ediciones Palabra},
  Year                     = {1992},

  Comment                  = {121 A78},
  Owner                    = {user1},
  Timestamp                = {2014.11.26}
}

@Book{Asimov1997,
  Title                    = {Grandes ideas de la Ciencia},
  Author                   = {Asimov, Isaac},
  Publisher                = {México: Alianza Editorial},
  Year                     = {1997},

  Comment                  = {Pp. 9-14      001.42 A81G},
  Owner                    = {user1},
  Timestamp                = {2014.11.26}
}

@Book{Asimov1992,
  Title                    = {Cien preguntas básicas sobre la ciencia},
  Author                   = {Asimov, Isaac},
  Publisher                = {México: Alianza Editorial},
  Year                     = {1992},

  Comment                  = {030 A81},
  Owner                    = {user1},
  Timestamp                = {2014.11.26}
}

@Article{Childe1996,
  Title                    = {Los orígenes de la civilización},
  Author                   = {Childe, Vere Gordon},
  Journal                  = {México: Fondo de Cultura Económica},
  Year                     = {1996},
  Pages                    = {219-274},

  Owner                    = {user1},
  Timestamp                = {2014.11.26}
}

@Article{Comellas2007,
  Title                    = {Historia sencilla de la Ciencia},
  Author                   = {Comellas, José Luis},
  Journal                  = {Ediciones Rialp},
  Year                     = {2007},
  Pages                    = {17-25.},

  Owner                    = {user1},
  Timestamp                = {2014.11.26}
}

@Book{DoigK2007,
  Title                    = {Desafíos de la era tecnológica para la persona y la familia},
  Author                   = {Doig K., Germán},
  Publisher                = {Arequipa: Universidad Católica San Pablo},
  Year                     = {2007},

  Owner                    = {user1},
  Timestamp                = {2014.11.26}
}

@Book{DoigK2000,
  Title                    = {El desafío de la tecnología},
  Author                   = {Doig K., Germán},
  Publisher                = {Lima: Asociación Vida y Espiritualidad},
  Year                     = {2000},

  Owner                    = {user1},
  Timestamp                = {2014.11.26}
}

@Book{Huxley2003,
  Title                    = {Un mundo feliz},
  Author                   = {Huxley, Aldoux},
  Publisher                = {Barcelona: Debolsillo},
  Year                     = {2003},

  Owner                    = {user1},
  Timestamp                = {2014.11.26}
}

@Article{Morande2009,
  Title                    = {Tradición Sapiencial y Tecnología},
  Author                   = {Morandé, Pedro},
  Journal                  = {Persona y Cultura},
  Year                     = {2009},
  Number                   = {7},
  Pages                    = {6-12},

  Comment                  = {HR 200 2009 PC},
  Owner                    = {user1},
  Timestamp                = {2014.11.26}
}

@Article{Reale1995,
  Title                    = {Historia del Pensamiento Filosófico y Científico: Antigüedad y Edad Edad Media},
  Author                   = {Reale, Giovanni and  Antiseri, Dario},
  Journal                  = {Editorial Herder},
  Year                     = {1995},
  Pages                    = {21 - 71},

  Owner                    = {user1},
  Timestamp                = {2014.11.26}
}

@Book{Solar2003,
  Title                    = {Historia del mundo moderno},
  Author                   = {Solar, David},
  Publisher                = {Barcelona: Oceano},
  Year                     = {2003},

  Owner                    = {user1},
  Timestamp                = {2014.11.26}
}

@Book{Hubenák,
  Title                    = {Historia Integral de Occidente, desde una perspectiva cristiana},
  Author                   = {Hubeñák Florencio},
  Publisher                = {Editorial de la Universidad Católica Argentina, Buenos Aires},
  Year                     = {2006},
}

@Book{Cruz,
  Title                    = {Filosofía de la Historia},
  Author                   = {Cruz Cruz, Juan},
  Publisher                = {Ediciones Universidad de Navarra},
  Year                     = {2008},
}

@Book{SumoPontifice,
  Title                    = {Laudato si, Carta Encíclica},
  Author                   = {Sumo Pontífice Francisco},
  Publisher                = {Paulinas,Perú},
  Year                     = {2015},
}
