% This file was created with JabRef 2.10.
% Encoding: Cp1252


@Book{adam1972,
  Title                    = {El Cristo de nuestra fe},
  Author                   = {Adam, Karl},
  Publisher                = {Herder},
  Year                     = {1972}
}

@Book{anselmo1970,
  Title                    = {Proslogion},
  Author                   = {Anselmo, San},
  Publisher                = {Aguilar Argentina},
  Year                     = {1970}
}

@Book{Aquino1943,
  Title                    = {Compendio de Teología},
  Author                   = {Aquino, Tomás De},
  Publisher                = {Buenos Aires: Cultural},
  Year                     = {1943},

  Owner                    = {user1},
  Timestamp                = {2014.11.25}
}

@Article{arrayas2006,
  Title                    = {Humanismo y Cristianismo: El humanismo ateo},
  Author                   = {Arroyo, Luis Miguel},
  Journal                  = {Thémata: Revista de filosofía},
  Year                     = {2006},
  Number                   = {36},
  Pages                    = {207--222},

  Publisher                = {Facultad de Filosofía y Lógica}
}

@Article{XVI2011,
  Title                    = {Discurso en la entrega del Premio Ratzinger},
  Author                   = {Benedicto, XVI},
  Year                     = {2011}
}

@Article{benedicto2006discurso,
  Title                    = {Discurso en la Universidad de Ratisbona},
  Author                   = {Benedicto, XVI},
  Journal                  = {Fe, razón y universidad. Recuerdos y reflexiones},
  Year                     = {2006}
}

@Book{Biblia,
  Title                    = {Sagrada Biblia},
  Author                   = {Biblia},
  Publisher                = {Editorial Descleé de Brower Bilbao España},
  Year                     = {1975}
}

@Book{Collantes2011,
  Title                    = {La fe de la Iglesia Católica},
  Author                   = {Collantes, Justo},
  Publisher                = {Madrid: Biblioteca de Autores Cristianos},
  Year                     = {2011},

  Owner                    = {user1},
  Timestamp                = {2014.11.25}
}

@Article{concilio1973,
  Title                    = {Constitución dogmática sobre la Iglesia Lumen gentium},
  Author                   = {Concilio Vaticano, II},
  Journal                  = {Constituciones. Decretos. Declaraciones},
  Year                     = {1973},

  Comment                  = {202 C76},
  Publisher                = {Biblioteca de Autores Cristianos}
}

@Book{Catecismo,
  Title                    = {Catecismo de la Iglesia Católica},
  Author                   = {Conferencia Episcopal, Española},
  Publisher                = {Asociación de Editores del Catecismo},
  Year                     = {1992},
  Edition                  = {5},

  Comment                  = {1ª Parte, 1ª Sección, Capítulo 2, 239.1 C265}
}

@Book{DelaPotterie1997,
  Title                    = {La concepción virginal de Jesús según San Juan},
  Author                   = {De la Potterie, Ignace},
  Publisher                = {Lima: Vida y Espiritualidad},
  Year                     = {1997},

  Owner                    = {user1},
  Timestamp                = {2014.11.25}
}

@Book{de2011,
  Title                    = {El drama del humanismo ateo: Prólogo de Valentí Puig},
  Author                   = {De Lubac, Henri},
  Publisher                = {Encuentro},
  Year                     = {2005}
}

@Book{de1988,
  Title                    = {Catolicismo: Aspectos Sociales del Dogma},
  Author                   = {De Lubac, Henri},
  Publisher                = {Ediciones Encuentro},
  Year                     = {1988}
}

@Misc{giacomo2001,
  Title                    = {Jesús de Nazaret: Centro del cosmos y de la historia},

  Author                   = {Giacomo, B},
  Year                     = {2001},

  Publisher                = {San Pablo}
}

@Book{guardini2006,
  Title                    = {La esencia del cristianismo: una ética para nuestro tiempo},
  Author                   = {Guardini, Romano},
  Publisher                = {Ediciones Cristianas},
  Year                     = {2006},

  Comment                  = {Capítulo 1. Código de Biblioteca: 232 G84.}
}

@Book{Ibanez2005,
  Title                    = {Dios uno en esencia},
  Author                   = {Ibáñez, Javier},
  Publisher                = {Salamanca: Sígueme},
  Year                     = {2005},

  Owner                    = {user1},
  Timestamp                = {2014.11.25}
}

@Book{latourelle1967,
  Title                    = {Theología de la revelación},
  Author                   = {Latourelle, René},
  Publisher                = {Sígueme},
  Year                     = {1985},
  Volume                   = {19}
}

@TechReport{pablo1998carta,
  Title                    = {Carta encíclica Fides et Ratio sobre las relaciones entre fe y razón},
  Author                   = {Pablo II, Juan},
  Institution              = {14-IX},
  Year                     = {1998}
}

@Book{pablo1998creo,
  Title                    = {Creo en Jesucristo: Catequesis sobre el Credo (II)},
  Author                   = {Pablo II, Juan},
  Publisher                = {Palabra},
  Year                     = {1998},
  Volume                   = {2},

  Comment                  = {El Hijo Reconciliador; pp. 81-143. 268 J81 LT4/1}
}

@Book{Peruana2002,
  Title                    = {Dei Verbum : Constitución Dogmática sobre la divina revelación},
  Author                   = {Conferencia Episcopal Peruana},
  Publisher                = {Paulinas},
  Year                     = {2002},

  Comment                  = {218 D34},
  Owner                    = {user1},
  Timestamp                = {2014.11.24}
}

@Book{pozo1968,
  Title                    = {El credo del pueblo de Dios},
  Author                   = {Pozo, Cándido},
  Publisher                = {Madrid: Biblioteca de Autores Cristianos},
  Year                     = {1968}
}

@Book{Ratzinger2007,
  Title                    = {Jesús de Nazareth},
  Author                   = {Ratzinger, Joseph},
  Publisher                = {Planeta},
  Year                     = {2007},

  Owner                    = {user1},
  Timestamp                = {2014.11.24}
}

@Book{ratzinger2005,
  Title                    = {El Dios de los cristianos},
  Author                   = {Ratzinger, Joseph},
  Publisher                = {Salamanca: Sígueme},
  Year                     = {2005}
}

@Book{Ratzinger,
  Title                    = {Introducción al Cristianismo},
  Author                   = {Ratzinger, Joseph},
  Publisher                = {Sígueme},
  Year                     = {2001}
}

@Book{swinburne2011,
  Title                    = {La existencia de Dios},
  Author                   = {Swinburne, Richard},
  Publisher                = {San Esteban},
  Year                     = {2011}
}

@Article{Homo,
  Title                    = {Separata Homo Capax Dei},
  Author                   = {Valdivia Laura, Carlos Antonio},
  Year                     = {2011},

  Owner                    = {user1},
  Timestamp                = {2014.11.24}
}

@Book{xvi1992,
  Title                    = {La Iglesia: una comunidad siempre en camino},
  Author                   = {XVI, Papa Benedicto},
  Publisher                = {Paulinas},
  Year                     = {1992},

  Comment                  = {247 R27}
}
//Barbara
@Book{ConcilioII,
  Title                    = {Concilio Vaticano II, Constitución Dogmática Dei Verbum sobre la divina revelación.},
  Author                   = {},
  Publisher                = {Paulinas},
  Year                     = {},
}

@Book{BenedictoXVIJesus,
  Title                    = {Jesús de Nazaret. Desde la entrada en Jerusalén hasta la Resurrección. Ediciones Encuentro},
  Author                   = {Benedicto XVI},
  Publisher                = {},
  Year                     = {2011},
}

