\begin{thebibliography}{}

@Book{Altamirano2008,
 title = {El arte de la oratoria},
 author = {Yamandú Altamirano},
 publisher = {Editorial San Marcos, Lima Perú},
 year = {2008},
}

@Book{Monroe,
 title = {La comunicación oral},
 publisher = {Hispano Europea},
 year = {1976},
 author = {Monroe, A. y Ehninger D.},
}

@Book{Rodriguez,
 title = {Bases de la Oratoria Moderna},
 author = {María L. Rodríguez},
}

@Book{SaberHablar2008,
 title = {Saber hablar},
 publisher = {Editorial Aguilar, México},
 year = {2008},
 author = {Antonio Briz and Marta Albelda and Jose Maria Fernández and Antonio Hidalgo and Raquel Pinilla and Salvador Pons},
}

@Book{ManuelOratoria2008,
 title = {Manual de Oratoria},
 publisher = {Editorial Palomino, Lima Perú},
 year = {2008},
 author = {Néstor Purisaca},
 edition = {Segunda},
}

@Book{ComoHablarBienenPublico2004,
 title = {Como hablar bien en público},
 publisher = {Editorial Edaf SA. Madrid España},
 year = {2004},
 author = {Reynaldo Polito},
}

\end{thebibliography}
