
@Book{Allers1957,
  Title                    = {Naturaleza y Educación del Carácter},
  Author                   = {Allers, Rudolf},
  Publisher                = {Ed. Labor S. A. Barcelona - España},
  Year                     = {1957},
  Edition                  = {2da},

  Owner                    = {user1},
  Timestamp                = {2014.11.27}
}

@Book{Davidorff1994,
  Title                    = {Introducción a la Psicología},
  Author                   = {Davidorff, Linda},
  Publisher                = {Mc Graw Hill, México},
  Year                     = {1994},

  Owner                    = {user1},
  Timestamp                = {2014.11.27}
}

@Book{Marietan1996,
  Title                    = {Curso de Semiología Psiquiátrica},
  Author                   = {Marietán, Hugo},
  Publisher                = {Funciones Básicas. Ananké Argentina},
  Year                     = {1996},

  Owner                    = {user1},
  Timestamp                = {2014.11.27}
}

@Book{Papalia1998,
  Title                    = {Psicología del Desarrollo},
  Author                   = {Papalia, D. y Wendkos, S.},
  Publisher                = {Mc Graw Hill, Colombia},
  Year                     = {1998},

  Owner                    = {user1},
  Timestamp                = {2014.11.27}
}

@Book{Papaplia1997,
  Title                    = {Desarrollo Humano},
  Author                   = {Papaplia, D. y Wendkos, S.},
  Publisher                = {Bogotá: McGraw-Hill Interamericana S.A.},
  Year                     = {1997},

  Owner                    = {user1},
  Timestamp                = {2014.11.27}
}

@Book{Rojas2001,
  Title                    = {El hombre light},
  Author                   = {Rojas, Enrique},
  Publisher                = {Ed Temas de Hoy, Madrid},
  Year                     = {2001},

  Owner                    = {user1},
  Timestamp                = {2014.11.27}
}

@Book{Verneaux2008,
  Title                    = {Filosofía del Hombre},
  Author                   = {Verneaux, R.},
  Publisher                = {Ed. Herder. España},
  Year                     = {2008},

  Owner                    = {user1},
  Timestamp                = {2014.11.27}
}

@Book{Whittaker1985,
  Title                    = {Psicología},
  Author                   = {Whittaker, James y Whittaker, Sandra},
  Publisher                = {Editorial Interamericana, México},
  Year                     = {1985},

  Owner                    = {user1},
  Timestamp                = {2014.11.27}
}

