% This file was created with JabRef 2.10.
% Encoding: Cp1252


@Article{Argandon2006,
  Title                    = {La identidad Cristiana del Directivo de Empresa},
  Author                   = {Argandoña},
  Journal                  = {IESE},
  Year                     = {2006},

  Owner                    = {user1},
  Timestamp                = {2014.11.27}
}

@Article{ACM1992,
  Title                    = {ACM Code of Ethics and Professional Conduct},
  Author                   = {Association for Computing Machinery (ACM)},
  Year                     = {1992},

  Owner                    = {user1},
  Timestamp                = {2014.11.26},
  Url                      = {http://www.acm.org/about/code-of-ethics}
}

@Book{Comunicaciones2002,
  Title                    = {Ética en Internet},
  Author                   = {Pontificio Consejo para las Comunicaciones Sociales},
  Year                     = {2002},

  Owner                    = {user1},
  Timestamp                = {2014.11.27}
}

@Book{Hernandez2006,
  Title                    = {Ética Actual y Profesional. Lecturas para la Convivencia Global en el Siglo XXI},
  Author                   = {Hernández , A.},
  Publisher                = {Ed. Thomson},
  Year                     = {2006},

  Owner                    = {user1},
  Timestamp                = {2014.11.27}
}

@Article{IEEE2004,
  Title                    = {IEEE Code of Ethics},
  Author                   = {IEEE},
  Journal                  = {IEE},
  Year                     = {2004},

  Owner                    = {user1},
  Timestamp                = {2014.11.27},
  Url                      = {http://www.ieee.org/about/corporate/governance/p7-8.html}
}

@Book{Ingenieros1999,
  Title                    = {Código de Ética del Colegio de Ingenieros del Perú},
  Author                   = {Colegio de Ingenieros del Perú},
  Year                     = {1999},

  Owner                    = {user1},
  Timestamp                = {2014.11.27},
  Url                      = {http://www.ciptumbes.org.pe/documentos/cetica.pdf}
}

@Article{Loza2000,
  Title                    = {El aporte de la Doctrina Social de la Iglesia a la Toma de Decisiones Empresariales},
  Author                   = {Loza, C},
  Journal                  = {Separata ofrecida por el profesor},
  Year                     = {2000},

  Owner                    = {user1},
  Timestamp                = {2014.11.27}
}

@Book{Manzone2007,
  Title                    = {La Responsabilidad de la Empresa, Business Ethics y Doctrina Social de la Iglesia en Diálogo},
  Author                   = {Manzone, G.},
  Publisher                = {Universidad Católica San Pablo},
  Year                     = {2007},

  Owner                    = {user1},
  Timestamp                = {2014.11.27}
}

@Book{Nieburh2003,
  Title                    = {El Yo Responsable. Ensayo de Filosofía Moral Cristiana},
  Author                   = {Nieburh, R.},
  Publisher                = {Bilbao},
  Year                     = {2003},

  Owner                    = {user1},
  Timestamp                = {2014.11.27}
}

@Book{Perez1998,
  Title                    = {Liderazgo y Ética en la Dirección de Empresas},
  Author                   = {Pérez López, J. A.},
  Publisher                = {Bilbao},
  Year                     = {1998},

  Owner                    = {user1},
  Timestamp                = {2014.11.27}
}

@Book{Schmidt1995,
  Title                    = {Ética y Negocios para América Latina},
  Author                   = {Schmidt, E.},
  Publisher                = {Universidad del Pacífico},
  Year                     = {1995},

  Owner                    = {user1},
  Timestamp                = {2014.11.27}
}

