@BOOK{Leithold2000,
  title = {El Cálculo},
  publisher = {Oxford University Press},
  year = {2000},
  editor = {Oxford University Press},
  author = {Louis Leithold},
  owner = {HP},
  timestamp = {2014.11.19}
}

@BOOK{Stewart,
  title = {Cálculo de una variable.},
  publisher = {Thomson Editores},
  year = {2007},
  editor = {Thomson Editores},
  author = {James Stewart},
  owner = {HP},
  timestamp = {2014.11.19}
}

@BOOK{Swokowski,
  title = {Álgebra y Trigonometría},
  publisher = {Grupo Iberoamericano},
  year = {2011},
  editor = {Grupo Iberoamericano},
  author = {Earl W. Swokowski},
  owner = {HP},
  timestamp = {2014.11.19}
}

@BOOK{ThomasFinney,
  title = {Cálculo una variable},
  publisher = {Edit. Addison Wesley Longman},
  year = {1998},
  editor = {Edit. Addison Wesley Longman},
  author = {Thomas Finney},
  owner = {HP},
  timestamp = {2014.11.19}
}

