

@Book{Lehmann05,
AUTHOR = {Docentes de Matemática. San Pablo},
title = {Guía de práctica de Algebra y Geometría / Arequipa:},
publisher = {Fondo Editorial de la UCSP},
year = {2013}
}

@Book{Lehmann05,
AUTHOR = {Ricardo Figueroa García. Lima},
title = {Vectores y Matrices},
publisher = {América SRL },
year = {2001}
}


@Book{Lehmann05,
AUTHOR = {Charles H. Lehmann},
title = {Geometría Analítica},
publisher = {Editorial Limusa },
year = {2003}
}

@Book{Strang03,
author = {Strang, Gilbert},
title = {Introduction to Linear Algebra},
publisher = {Wellesley, MA: Wellesley-Cambridge Press},
year = {2003},
edition = {3rd}
}

@Book{Grossman96,
author = {Stanley I. Grossman},
title = {Álgebra Lineal },
publisher = {McGraw Hill},
year = {2008},
OPTedition = {6rd}
}


