@article{Lion2014matematica,
  title={Gu√≠a Pr√°ctica de Calculo},
  author={Grupo de Investigaci√≥n de Matem√°tica},
  journal={Editorial Lion Publicidad SRL},
  year={2014}
}

@article{espinoza2012analisis,
  title={An{·}lisis matem{·}tico I},
  author={Espinoza, E},
  journal={Editorial EdukPer{˙}},
  year={2012}
}

@article{stewart2013calculo,
  title={C{·}lculo--Trascendentes Tempranas 7{\textordfeminine}},
  author={Stewart, J},
  journal={Edici{Û}n, Editorial Cengage, M{È}xico},
  year={2013}
}

@article{edward1996calculo,
  title={C{·}lculo con Geometria Anal{\'\i}tica},
  author={Edward, CH and PENNEY, David E},
  journal={Editorial Prentice--Hall M{È}xico},
  year={1996}
}

@article{apostol1997calculus,
  title={Calculus, volume 1. Editorial Revert{È}, [Bartle and Sherbert, 1999] Bartle, RG and Sherbert, DR (1999)},
  author={Apostol, TM},
  journal={Introduction to Real Analysis},
  year={1997}
}

@book{bartle1999introduction,
  title={Introduction to real analysis},
  author={Bartle, Robert Gardner and Sherbert, Donald R},
  volume={2},
  year={1999},
  publisher={Wiley New York}
}

@book{simmons1995calculus,
  title={Calculus with analytic geometry},
  author={Simmons, George Finlay and Simmons, George Finlay},
  year={1995},
  publisher={McGraw-Hill New York}
}

@book{avila1993introduccao,
  title={Introdu{\c{c}}{\~a}o {\`a} an{·}lise matem{·}tica},
  author={Avila, Geraldo Severo},
  year={1993},
  publisher={Edgard Blucher}
}

