% Responsable  : Luis D√≠az Basurco
% Bibliograf√≠a : An√°lisis matem√°tico III
% Versi√≥n      : 1

@BOOK{Apostol73,
  AUTHOR =       "Tom M Ap√≥stol",
  TITLE =        "Calculus",
  PUBLISHER =    "Editorial Revert√©",
  YEAR =         "1973",
  VOLUME =         "II",
}

@BOOK{Simmons95,
  AUTHOR =       {George F Simmons},
  TITLE =        {Calculus With Analytic Geometry },
  PUBLISHER =    {McGraw-Hill Science/Engineering},
  YEAR =         {1995},
  ISBN =         {0070576424},
  }

@BOOK{Bartle76,
  AUTHOR =       {Robert G. Bartle},
  TITLE =        {The Elements of Real Analysis},
  PUBLISHER =    {Wiley; 2 edition},
  YEAR =         {1976},
  ISBN =         {047105464X},
}

@article{espinoza2012analisis,
  title={An{·}lisis matem{·}tico III},
  author={Espinoza, E},
  journal={Editorial EdukPer{˙}},
  year={2012}
}

@article{stewart2012calculo,
  title={C{·}lculo de Varias Variables Trascendentes Tempranas 7{\textordfeminine}},
  author={Stewart, J},
  journal={Edici{Û}n, Editorial Cengage, M{È}xico},
  year={2012}
}

@article{edward2008calculo,
  title={C{·}lculo con Trascendentes Tempranas},
  author={Edward, CH and PENNEY, David E},
  journal={Editorial Prentice--Hall M{È}xico},
  year={2008}
}

@article{larson2014calculo,
  title={C{·}lculo Vol. II},
  author={Larson, R and Hostetler, RP and Edwards, Bruce H},
  journal={Edici√≥n. Cengage Learning},
  year={2017}
}

@article{pita1995calculo,
  title={C{·}lculo vectorial},
  author={Pita, Claudio},
  journal={Ed. Prentice-Hall Hispanoamericana},
  year={1995}
}

