% Responsable   :
% Bibbliografía : Física I
% Versión       : 1.2

@Book{Burbano,
 title     = {Física General},
 publisher = {Alfaomega},
 year      = {2006},
 author    = {Burbano, S.},
 ALTALTeditor = {},
 OPTkey = {},
 OPTvolume = {},
 OPTnumber = {},
 OPTseries = {},
 OPTaddress = {},
 OPTedition   = {},
 OPTmonth     = {},
 OPTnote      = {},
 OPTannote = {},
 OPTurl = {},
 OPTdoi = {},
 OPTissn = {},
 OPTlocalfile = {},
 OPTabstracts = {},
}

@Book{ResnikHalliday,
 title     = {Física},
 publisher = {Patria},
 year      = {2007},
 author    = {Resnik, R. y Halliday, D.},
 ALTALTeditor = {},
 OPTkey = {},
 volume = {1},
 OPTnumber = {},
 OPTseries = {},
 OPTaddress = {},
 edition = {5th},
 OPTmonth     = {},
 OPTnote      = {},
 OPTannote = {},
 OPTurl = {},
 OPTdoi = {},
 OPTissn = {},
 OPTlocalfile = {},
 OPTabstracts = {},
}

@Book{SerwayJewett,
 title     = {Física para Ciencias e Ingeniería con Física Moderna},
 publisher = {Cengage Learning},
 year      = {2009},
 author    = {Serway, R. A. y Jewett, J.W.},
 ALTALTeditor = {},
 OPTkey = {},
 volume = {1},
 OPTnumber = {},
 OPTseries = {},
 OPTaddress = {},
 edition   = {7th},
 OPTmonth     = {},
 OPTnote      = {},
 OPTannote = {},
 OPTurl = {},
 OPTdoi = {},
 OPTissn = {},
 OPTlocalfile = {},
 OPTabstracts = {},
}

@Book{TriplerMosca,
 title     = {Física para la ciencia y la tecnología},
 publisher = {Reverte},
 year      = {2009},
 author    = {Tipler, P. y Mosca, G.},
 ALTALTeditor = {},
 OPTkey = {},
 volume = {1},
 OPTnumber = {},
 OPTseries = {},
 OPTaddress = {},
 edition   = {7th},
 OPTmonth     = {},
 OPTnote      = {},
 OPTannote = {},
 OPTurl = {},
 OPTdoi = {},
 OPTissn = {},
 OPTlocalfile = {},
 OPTabstracts = {},
}
