\begin{thebibliography}{}

% BiBTeX data base
%---------------------------------------------------------------------------------------
%% bibtextfile{
%%  author     = "Ernesto Cuadros-Vargas",
%%  version    = "1.0",
%%  date       = "Agosto 2009",
%%  address    = "UCSP",
%%  email      = ecuadros AT spc.org.pe
%% }
%---------------------------------------------------------------------------------------




@Book{tbb,
   author =	 "James Reinders",
   title = 	 "Intel Threading Building Blocks: Outfitting C++ for Multi-core Processor Parallelism",
   publisher =	 " O'Reilly Media, Inc.",
   year = 	 2007,
   edition =	 "1",
   isbn =	 "0596514808"
 }




@Book{openmp,
   author =	 "Rohit Chandra and Ramesh Menon and Leo Dagum, David Kohr and Dror Maydan and Jeff McDonald",
   title = 	 "Parallel Programming in OpenMP",
   publisher =	 "Morgan Kaufmann",
   year = 	 2000,
   edition =	 "1",
   isbn =	 "1558606718"
 }




@Book{pthread,
   author =	 "Bradford Nichols and Dick Buttlar and Jacqueline Proulx Farrell",
   title = 	 "Pthreads Programming: A POSIX Standard for Better Multiprocessing",
   publisher =	 "O'Reilly Media, Inc.",
   year = 	 1996,
   edition =	 "1",
   isbn =	 "1565921151"
 }



@Book{mpi,
   author =	 "George Em Karniadakis and Robert M. Kirby II",
   title = 	 "Parallel Scientific Computing in C++ and MPI: A Seamless Approach to Parallel Algorithms and their Implementation ",
   publisher =	 "Cambridge University Press",
   year = 	 2003,
   edition =	 "1",
   isbn =	 "0521520800"
 }




@Book{progpara,
   author =	 "Calvin Lin and Larry Snyder",
   title = 	 "Principles of Parallel Programming",
   publisher =	 "Addison Wesley",
   year = 	 2008,
   edition =	 "1",
   isbn =	 "0321487907"
 }


\end{thebibliography}

%%%%%   Fim

