\begin{thebibliography}{}

@Book{Deitel2004,
  AUTHOR =       "Harvey M. Deitel and Paul J",
  TITLE =        "Cómo Programar en C/C++ y Java",
  PUBLISHER =    "Pearson Educacion",
  YEAR =         "2004",
  ISBN =  "9702605318"
}

@Book{Joyanes98,
  AUTHOR =       "Luis Joyanes Aguilar",
  TITLE =        "Programación Orientada a Objetos",
  PUBLISHER =    "McGraw-Hill/Interamericana de España",
  YEAR =         "1998",
  ISBN =  "8448120159"

}

@Book{Smith2001,
  AUTHOR =       "Jo Ann Smith",
  TITLE =        "Desarrollo de Proyectos con Programación Orientada a Objetos con C++",
  PUBLISHER =    "Thomson Learning",
  YEAR =         "2001",
  ISBN =  "9706860916"

}

@Book{stroustrup2000,
  author =	"Bjarne Stroustrup",
  title =	"The {C}++ Programming Language",
  publisher =	"Addison-Wesley",
  edition =	"3rd",
  year = 	"2000",
}

\end{thebibliography}



