\begin{thebibliography}{}

@Book{dav89,
  author =       "David E. Golberg",
  title =        "Genetic Algorithms in Search, Optimization and Machine Learning",
  publisher =    "Addison-Wesley Professional",
  year =         "1989",
}

@Book{koza98,
  author =       "John R. Koza",
  title =        "Genetic Programming",
  publisher =    "The MIT Press",
  year =         "1989",
}
@Book{mel98,
  author =       "Melanie Mitchell",
  title =        "An Introduction to Genetic Algorithms: Complex Adaptative Systems",
  publisher =    "The MIT Press",
  year =         "2004",
}

@Book{zbig98,
  author =       "Zibgniew Michalewicz",
  title =        "Fundamentals of Database Systems, Fourth Edition ",
  publisher =    "Springer",
  year =         "1998",
}

@Book{zbig99,
 author    = "Zibgniew Michalewicz",
 title     = "Genetic Algorithms + Data Structures = Evolution Programs",
 publisher = "Springer-Verlag",
 year      = "1999",
}

@Book{coello07,
 author = "Carlos A. Coello Coello",
 title = "Evolutionary Algorithms for Solving Multi-Objective Problems (Genetic and Evolutionary Computation)",
 publisher = "Springer",
 year = "2007",
 month = "September",
 edition = "2nd Edition", 
}


@Booklet{weise09,
 title = "Global Optimization Algorithms - Theory and Application",
 author = "Thomas Weise",
 howpublished = "http://www.it-weise.de",
 year = "2009"
}

@PhdThesis{tupac05,
 author = "Yván Jesús Túpac",
 title  = "Sistema Inteligente de Otimização de Alternativas de Desenvolvimento de Campos Petrolíferos",
 school = "Departamento de Engenharia Elétrica, Pontifícia Universidade Católica do Rio de Janeiro",
 year   = "2005",
 month  = {March},
 url    = {http://www2.dbd.puc-rio.br/pergamum/biblioteca/php/mostrateses.php?open=1&arqtese=0024886_05_Indice.html},
}

@MastersThesis{vargas03,
 author = "André Vargas Abs da Cruz",
 title = "Otimização de planejamento com restrições de precedência usando algoritmos genéticos e co-evolução cooperativa",
 school = "Departamento de Engenharia Elétrica, Pontifícia Universidade Católica do Rio de Janeiro",
 year = "2003",
 month = "Febraury",
 url = "http://www2.dbd.puc-rio.br/pergamum/biblioteca/php/mostrateses.php?open=1&arqtese=5000066121_03_Indice.html",
}

@Article{tarek06,
 author  = "Tarek A. El-Mihoub, Adrian A., Hopgood, Lars Nolle, Alan Battersby",
 title   = "Hybrid Genetic Algorithms: A Review",
 journal = "Engineering Letters",
 year    = "2006",
 volume  = {13},
 number  = {2},
 month   = {August},
 url     = {www.engineeringletters.com/issues_v13/issue.../EL_13_2_11.pdf},
 issn    = {1816-0948},
}

\end{thebibliography}