@book{brookshear2014,
  title={Computer science: An overview},
  author={Brookshear, Glenn Glenn and Brookshear, J Glenn},
  year={2014},
  edition = {12th},
  publisher={Addison-Wesley Longman Publishing Co., Inc.}
}












