@book{Deitel2017,
  title={C++ How to Program (Early Objects Version)},
  author={Deitel, P.J. and Deitel, H.M.},
  isbn={9780134448237},
  series={Deitel, How to Program},
  url={https://books.google.com.pe/books?isbn=0134583000},
  year={2017},
  publisher={Pearson Education}
}

@Book{Stroustrup2013,
  author    = "Bjarne Stroustrup",
  title     = "The {C}++ Programming Language",
  publisher = "Addison-Wesley",
  edition   = "4th",
  year      = "2013",
  ISBN      = "978-0-321-56384-2"
}


