%Introd. Estadistica y Probabilidades
\begin{thebibliography}{}

 @BOOK{Garcia98,
  AUTHOR =       "C. García Oré",
  TITLE =        "Estadística y Probabilidad",
  PUBLISHER =    "Edit. GOMES, Lima. Perú.",
  YEAR =         "1998"
}

 @BOOK{Garcia97,
  AUTHOR =       "C. García Oré",
  TITLE =        "Distribuciones y estadística inferencial",
  PUBLISHER =    "CCONCYTEC, PERU",
  YEAR =         "1997"
}

@BOOK{Cordova97,
  AUTHOR =       "M. Córdova Zamora",
  TITLE =        "Estadística descriptiva e Inferencial",
  PUBLISHER =    "Editorial Moshera S.R.L. Lima Perú",
  YEAR =         "1997",
  ISBN =             " ",
  edition = "3"
}

@BOOK{Moya92,
  AUTHOR =       "R. Moya C. and  G. Saravia A.",
  TITLE =        "Probabilidad e inferencia estadística",
  PUBLISHER =    "Editorial San Marcos, Lima, Perú",
  YEAR =         "1992",
  edition = "2"
}

@BOOK{Mitacc99,
  AUTHOR =       "Máximo Mitacc Meza",
  TITLE =        "Tópicos de Estadística Descriptiva y Probabilidad",
  PUBLISHER =    "Editorial San Marcos. Lima",
  YEAR =         "1999",
  ISBN =         " "
  }

@BOOK{Larson90,
  AUTHOR =       "Harold J. Larson",
  TITLE =        "Introducción a la Teoría de Probabilidades e Inferencia Estadística",
  PUBLISHER =    "Editorial Limusa, México",
  YEAR =         "1990",
  ISBN =         " "
  }

\end{thebibliography}