\begin{thebibliography}{}

% BiBTeX data base
%---------------------------------------------------------------------------------------
%% bibtextfile{
%%  author     = Roger Maquito Gutiérrez,
%%  version    = 1.0,
%%  date       = Diciembre, 29 2005,
%%  address    = UCSP,
%%  email      = rmaquito AT gmail.com,
%% }
%---------------------------------------------------------------------------------------

@Book{Lehmann05,
AUTHOR = {Charles H. Lehmann},
title = {Geometría Analítica},
publisher = {Editorial Limusa },
year = {2003}
}

@Book{Strang03,
author = {Strang, Gilbert},
title = {Introduction to Linear Algebra},
publisher = {Wellesley, MA: Wellesley-Cambridge Press},
year = {2003},
edition = {3rd}
}

@Book{Grossman96,
author = {Stanley I. Grossman},
title = {Álgebra Lineal },
publisher = {McGraw Hill},
year = {1996},
OPTedition = {5rd}
}

\end{thebibliography}

%%%%%   Fim

