% Quimica II
\begin{thebibliography}{}

@BOOK{Chang99,
  AUTHOR =       "Raymond Chang ",
  TITLE =        "Química",
  PUBLISHER =    "McGraw-Hill Interamericana Editores, S.A. de C.V., México",
  YEAR =         "1999",
  ISBN =	 " ",
  edition = "6"
 }

@BOOK{Garritz94,
  AUTHOR =       "A. Garritz and J. A. Chamuso",
  TITLE =        "Química",
  PUBLISHER =    "Editorial Addison-Wesley  Iberoamericana S.A. USA",
  YEAR =         "1994"
}

@BOOK{Whitten98,
  AUTHOR    = "Kenneth W. Whitten and Raymond E. Davis and M. Larry Peck",
  TITLE     = "Química General",
  PUBLISHER = "Editorial McGraw Hill-Interamericana de España, S.A.U.",
  YEAR      = "1998",
  ISBN      = " ",
  edition   = "5"
}

 @BOOK{Brady98,
  AUTHOR =       "Brady",
  TITLE =        "Química Básica",
  PUBLISHER =    "Editorial Limusa",
  YEAR =         "1998",
  ISBN =	 " "
}

 @BOOK{Whitten92,
  AUTHOR =       "Kenneth W. Whitten and Raymond E. Davis and M. Larry Peck and Kennet D. Galley",
  TITLE =        "Química General",
  PUBLISHER =    "Editorial McGraw-Hill Interamericana de México, S.A. de C.V.",
  YEAR =         "1992",
  ISBN =	 " "
}

 @BOOK{Hill99,
  AUTHOR =       "Hill and Kolb",
  TITLE =        "Química para el nuevo milenio",
  PUBLISHER =    "Editorial Prentice Hall Hispanoamericana, S.A.",
  YEAR =         "1999",
  edition =	 "8"
}

\end{thebibliography}