%Fisica III
\begin{thebibliography}{}

@BOOK{Halmos58,
  AUTHOR =       "Halmos, P.",
  TITLE =        "Espacios vectoriales finito dimensionales",
  PUBLISHER =    "Van Nostrand",
  YEAR =         "1958",
  ISBN =	 ""
}

@BOOK{Fishbane99,
  AUTHOR    = "Hoffman-Kunge",
  TITLE     = "Física para Ciencias e Ingeniería",
  PUBLISHER = "Prentice Hall, Hispanoam\´erica S.A.",
  YEAR      = "1999",
  ISBN      = " ",
  volume    = "2"
 }

@BOOK{Tipler98,
  AUTHOR    = "Paul Tipler",
  TITLE     = "Física",
  PUBLISHER = "Editorial Reverte",
  YEAR      = "1998",
  ISBN      = "",
  edition   = "3"
}

@BOOK{Serway98,
  AUTHOR    = "Serway Raymond",
  TITLE     = "Física",
  PUBLISHER = "Mc Graw Hill",
  YEAR      = "1998",
  ISBN      = " ",
  volume    = "2"
}

\end{thebibliography}