
@BOOK{Stewart,
  title = {Calculus},
  author = {James Stewart},
  year = {2012},
  edition  = {7th},
  OPeditor = {},
  OPpublisher = {},
  OPowner = {},
  OPtimestamp = {}
}



@BOOK{RonLarson,
  title = {Calculus},
  author = {ROn Larson ión},
  year = {2014},
  edition  = {10th},
  OPeditor = {},
  OPpublisher = {},
  OPowner = {},
  OPtimestamp = {}
}


@article{espinoza2012matematica,
  title={Matem{á}tica B{á}sica},
  author={Espinoza Ramos, Eduardo},
  journal={EDITORIAL LIMA-PER{Ú}},
  year={2012}
}


@article{Lion2015matematica,
  title={Cuaderno de trabajo de Matemática Básica},
  author={Grupo de Investigación de Matemática},
  journal={Editorial Lion Publicidad SRL},
  year={2015}
}

@misc{venero2006introduccion,
  title={Introducci{ó}n al an{á}lisis Matem{á}tico},
  author={Armando, VENERO BALDEON},
  year={2006},
  publisher={Lima--Per{ú}: Editorial Germar}
}

@article{venero2008matematica,
  title={Matem{á}tica b{á}sica},
  author={Venero, Armando},
  journal={Lima--Per{ú}: Editorial Germar},
  year={2008}
}

@article{figueroa2001matematica,
  title={Matem{á}tica B{á}sica},
  author={Figueroa Garc{\'\i}a, Ricardo},
  journal={Lima},
  year={2011}
}

@book{zill2012algebra,
  title={Algebra, trigonometria y geometria analitica.},
  author={Zill, Dennis G and Dewar, Jacqueline M},
  year={2012},
  publisher={McGraw Hill}
}

@book{sullivan1997precalculo,
  title={Prec{á}lculo},
  author={Sullivan, Michael},
  year={1997},
  publisher={Pearson Educaci{ó}n}
}

@article{demana2007matematica,
  title={Prec{á}lculo},
  author={Demana F., Waits B., Foley G. y Kennedy D.},
  year={2007},
  publisher={Editorial Pearson}
}