\begin{thebibliography}{}



@book{Cormen91,
 title     = {Introduction to Algorithms},
 publisher = {MIT Press},
 year      = {2001},
 author    = {Thomas H. Cormen and Charles E. Leiserson and Ronald L. Rivest and Clifford Stein},
 ALTALTeditor = {},
 OPTkey = {},
 OPTvolume = {},
 OPTnumber = {},
 OPTseries = {},
 OPTaddress= {},
 edition   = {Second Edition},
 OPTmonth  = {},
 note      = {0262032937},
 OPTannote = {},
 OPTurl = {},
 OPTdoi = {},
 OPTissn = {},
 OPTlocalfile = {},
 OPTabstracts = {},
}

\end{thebibliography}


