\begin{thebibliography}{}

% BiBTeX data base
%---------------------------------------------------------------------------------------
%% bibtextfile{
%%  author     = "Roger Maquito Gutiérrez",
%%  version    = "1.0",
%%  date       = "Diciembre, 29 2005",
%%  address    = "UCSP",
%%  email      = rmaquito AT gmail.com
%% }
%---------------------------------------------------------------------------------------

@Book{MSaE2014,
 title = {Materials Science and Engineering: An Introduction},
 publisher = {},
 year = {2014},
 author = {W.D. Callister, and D.G. Rethwisch},
 ALTeditor = {},
 OPTkey = {},
 OPTvolume = {},
 OPTnumber = {},
 OPTseries = {},
 OPTaddress = {},
 edition = {9th},
 OPTmonth = {},
 OPTnote = {},
 OPTannote = {},
 OPTurl = {},
 OPTurldate = {},
 OPTlastchecked = {},
 OPTdoi = {},
 OPTisbn = {},
 OPTissn = {},
 OPTlocalfile = {},
 OPTabstract = {},
 OPTkeywords = {},
}





\end{thebibliography}

%%%%%   Fim

