

@BOOK{Stewart,
  title = {Calculus},
  author = {James Stewart},
  year = {2012},
  edition  = {7th},
  OPeditor = {},
  OPpublisher = {},
  OPowner = {},
  OPtimestamp = {}
}

@BOOK{DennisZ,
  title = {Differential equations with Boundary value problems},
  author = {Dennis G. Zill},
  year = {2013},
  edition  = {8th},
  OPeditor = {},
  OPpublisher = {},
  OPowner = {},
  OPtimestamp = {}
}

